@online{footest,
author = {test},
title = {Foo},
date = {2013-12-15},
url = {http://www.foo.bar},
}
